<?xml version="1.0" encoding="UTF-8"?><collection xmlns="http://www.loc.gov/MARC21/slim"><record><leader>00501nam--2200145-i-4500</leader><controlfield tag="001">000003436</controlfield><controlfield tag="002">20161230</controlfield><controlfield tag="005">20170225200503</controlfield><controlfield tag="008">060222s1000------------r-----000-0-eng-d</controlfield><datafield ind1=" " ind2=" " tag="100"><subfield code="a">Darmois, Eugene</subfield></datafield><datafield ind1=" " ind2=" " tag="245"><subfield code="a">L hydrogene est un melange: ortho et para- hydrogen. Conference faite au conservatoire national des arts et metiers le 12 mai 1931</subfield></datafield><datafield ind1=" " ind2=" " tag="260"><subfield code="a">Paris</subfield><subfield code="b">Herman Et Cie</subfield><subfield code="c">1931</subfield></datafield><datafield ind1=" " ind2=" " tag="300"><subfield code="a">22 p</subfield></datafield><datafield ind1=" " ind2=" " tag="490"><subfield code="a">Conference D Actualites Scientifiques Et Industrielles</subfield></datafield><datafield ind1=" " ind2=" " tag="CAT"><subfield code="a">SYS</subfield><subfield code="c">20170225</subfield><subfield code="h">200503</subfield></datafield></record></collection>